% Encoding: UTF-8

@article{lshort,
  title={The Not So Short Introduction to LATEX 2},
  author={Oetiker, Tobias and Partl, Hubert and Hyna, Irene and Schlegl, Elisabeth},
  journal={Or LATEX 2d in},
  volume={69},
  year={2011},
  publisher={Citeseer}
}

@article{pgfmanual,
  title={The TikZ and PGF Packages},
  author={Tantau, Till},
  year={2015}
}